@book{McConnell:2004:CCS:1096143,
	author = {McConnell, Steve},
	title = {{Code Complete, Second Edition}},
	year = {2004},
	isbn = {0735619670},
	publisher = {Microsoft Press},
	address = {Redmond, WA, USA}
}
@book{Campbell:2001,
	author = {Murray Campbell, Clive A. Greated, Clive Greated},
	isbn = {0198165056},
	publisher = {Oxford University Press},
	title = {{The Musician's Guide to Acoustics}},
	year = {2001}
}
@book{Chapman:2015,
	author = {Chapman, Hall},
	isbn = {0201734842},
	publisher = {Taylor \& Francis Group, LLC},
	title = {{Data Classification Algorithms and Applications}},
	year = {2015}
}
@book{Werner:2012,
	author = {Martin Werner},
	isbn = {978-3-8348-1473-9},
	publisher = {Vieweg+Teubner Verlag},
	title = {{Digitale Signalverarbeitung mit MATLAB\textsuperscript{\textregistered}}},
	year = {2012},
	edition = {5}
}
@book{Weltner:2013,
	author = {Klaus Weltner},
	isbn = {978-3-642-30084-4},
	publisher = {Springer Spektrum},
	title = {{Mathematik für Physiker und Ingenieure 1}},
	year = {2013},
	edition = {17}
}
@book{Zoelzer:2002,
	author = {Udo Z\"{o}lzer},
	isbn = {0-471-49078-4},
	publisher = {John Wiley \& Sons, LTD},
	title = {{DAFX - Digital Audio Effects}},
	year = {2002}
}
@book{Zoelzer:2008,
	author = {Udo Z\"{o}lzer},
	isbn = {978-0-470-99785-7},
	publisher = {John Wiley \& Sons, LTD},
	title = {{Digital Audio Signal Processing}},
	year = {2008},
	edition = {14}
}
@book{Hedderich:2012,
	author = {J\"{u}rgen Hedderich, Lothar Sachs},
	isbn = {978-3-642-24400-1},
	publisher = {Springer-Verlag},
	title = {{Angewandte Statistik}},
	year = {2012},
	edition = {14}
}
@book{Haverbeke:2014,
	author = {Marijn Haverbeke},
	isbn = {978-1593275846},
	publisher = {No Starch Press Inc.},
	title = {{Eloquent JavaScript: A Modern Introduction to Programming}},
	year = {2014},
	month = {December},
	edition = {2}
}
@book{Stein:2013,
	author = {Olaf Stein},
	isbn = {978-3-625-12531-0},
	publisher = {Naumann & Göbel Verlagsgesellschaft GmbH},
	title = {{Schlagzeug Basiswissen}},
	year = {2013}
}
@inproceedings{Goto:1994,
    author	= {M. Goto, Y. Muraoka},
    title	= {{A beat tracking system for acoustic signals of music}},
    series = {ACM international conference on Multimedia},
		number = {2},
    pages	= {365–-372},
		publisher = {ACM},
		address = {New York},
    year = {1994},
		month = {October},
		day = {15}
}
@techreport{Goto:2001,
  author	= {Masataka Goto},
	title = {{An Audio-based Real-time Beat Tracking System for Music With or Without Drum-sounds}},
	organisation = {National Institute of Advanced Industrial Science and Technology},
	adress = {Tsukuba, Ibaraki, Japan},
	year = {2001}
}
@techreport{Christophersen:2007,
  author	= {Morten Christophersen, Mark Aarup Mikaelsen, Jens Martin Oddershede and Thomas Deleuran Rasmussen and Steffen Stengaard Villadsen},
	title = {{Automated Recognition of Drum Types}},
	organization = {Aalborg University},
	address = {Denmark},
	year = {2007},
	month = {December}
}
@techreport{Gillet:2006,
  author	= {Olivier Gillet, Gael Richard.},
	title={{ENST-Drums: an extensive audio-visual database for drum signals processing}},
	year = {2006},
	address = {rue Dareau, 75014 Paris, France}
}
@techreport{Schloss:1985,
	author = {W. Andrew Schloss},
	title = {{On the automatic transcription of percussive music -- from acoustic signal to high-level analysis}},
	number = {STAN-M-27},
	year = {1985},
	month = {May},
	organization = {Center for Computer Research in Music an Acoustics, Department of Music, Stanford University},
	address = {Stanford, California 94305}
}
@techreport{Bello:2005,
	author = {Juan Pablo Bello, Laurent Daudet and Samer Abdallah and Chris Duxbury and Mike Davies and Mark B. Sandler},
	title = {{A Tutorial on Onset Detection in Music Signals}},
	publisher = {IEEE},
	year = {2005},
	month = {September}
}
@techreport{Bello:2004,
	author = {Juan Pablo Bello, Chris Duxbury, Mike Davies, and Mark Sandler},
	title = {{On the Use of Phase and Energy for Musical Onset Detection in the Complex Domain}},
	publisher = {IEEE},
	year = {2005},
	month = {June}
}
@article{Bhargava:2013,
	author = {Dr. Neeraj Bhargava, Girja Sharma, Dr. Ritu Bhargava, Manish Mathuria},
	title = {{Decision Tree Analysis on J48 Algorithm for Data Mining}},
	year = {2013},
	month = {June},
	journal = {International Journal of Advanced Research in Computer Science and Software Engineering}
}
@article{Simsekli:2011,
	author = {Umut \c{S}im\c{s}ekli, Antti Jylha and Cumhur Erkut and A. Taylan Cemgil},
	title = {{Real-Time Recognition of Percussive Sounds by a Model-Based Method.}},
	journal = {EURASIP Journal on Advances in Signal Processing - Special issue on musical applications of real-time signal processing},
	year = {2011},
	month = {September},
	day = {29},
  volume = {2011},
	publisher = {Hindawi Publishing Corp.}
}
@article{Simsekli:2010,
	author = {Umut \c{S}im\c{s}ekli, A. Taylan Cemgil},
	title = {{A Comparison of Probabilistic Models for Online Pitch Tracking.}},
	year = {2010},
	publisher = {Bo\u{g}azi\c{c}i University, Department of Computer Engineering},
	address = {34342 Istanbul, Turkey}
}
@misc{Weka:2014,
  author	= {University of Waikato},
	title = {{Weka 3: Data Mining Software in Java}},
	url = {http://www.cs.waikato.ac.nz/ml/weka/},
	note = {accessed 06.10.2014}
}
@misc{jQuery:2015,
  author	= {jQuery},
	title = {{jQuery}},
	url = {http://api.jquery.com/},
	note = {accessed 03.04.2015}
}
@misc{jQueryUI:2015,
  author	= {jQueryUI},
	title = {{jQueryUI Widget Factory}},
	url = {https://jqueryui.com/widget/},
	note = {accessed 03.04.2015}
}
@misc{WebAudioApi:2015,
  author	= {Chris Rogers, Paul Adenot, Chris Wilson},
	title = {{Web Audio API - W3C Editor's Draft 03 April 2015}},
	url = {http://webaudio.github.io/web-audio-api/},
	note = {accessed 03.04.2015}
}
@misc{WebMidiApi:2015,
  author	= {Chris Wilson, Jussi Kalliokoski},
	title = {{Web Midi API - W3C Working Draft 30 March 2015}},
	url = {http://webaudio.github.io/web-midi-api/},
	note = {accessed 03.04.2015}
}
@misc{WebRTC:2015,
  author	= {Ian Hickson, Adam Bergkvist, Daniel C. Burnett, Cullen Jennings and Anant Narayanan},
	title = {{WebRTC 1.0: Real-time Communication Between Browsers - }},
	url = {http://www.w3.org/TR/webrtc/},
	note = {accessed 23.04.2015}
}
@misc{WebMidiApiMDN:2015,
  author	= {Mozilla Developer Network},
	title = {{Basic concepts behind Web Audio API}},
	url = {https://developer.mozilla.org/en-US/docs/Web/API/Web_Audio_API/Basic_concepts_behind_Web_Audio_API},
	note = {accessed 03.04.2015}
}
@misc{JazzPlugin:2015,
  author	= {Jazz Soft},
	title = {{Jazz-Plugin}},
	url = {http://jazz-soft.net/},
	note = {accessed 03.04.2015}
}

@misc{WAAPISim:2015,
  author	= {WAAPISim},
	title = {{WAAPISim : Web Audio API Simulator}},
	url = {http://www.g200kg.com/docs/waapisim/},
	note = {accessed 03.04.2015}
}

@misc{MathWorks:2014,
  author	= {MathWorks},
	title = {{MATLAB - the language of technical computing}},
	url = {http://www.mathworks.com.au/products/matlab/},
	note = {accessed 03.05.2014}
}
@misc{MatLabRefAngle:2015,
  author	= {MathWorks},
	title = {{MATLAB - Documentation - angle}},
	url = {http://www.mathworks.com/help/matlab/ref/angle.html},
	note = {accessed 05.02.2015}
}
@misc{RubyOnRails:2015,
  author	= {David Heinemeier Hansson},
	title = {{Ruby on Rails - Web development that doesn’t hurt}},
	url = {http://rubyonrails.org/},
	note = {accessed 10.04.2015}
}
@misc{Hammond:2011,
  author	= {Janelle K. Hammond},
	title = {{Mathematics of Music}},
	organization = {UW-L Department of Mathematics,},
	year = {2011}
}
@misc{Harris:1978,
  author	= {Frederic J. Harris},
	title = {{On the Use of Windows for Harmonic Analysis with the Discrete Fourier Transform}},
	organization = {IEEE},
	year = {1978}
}